
@article{martin2019,
	title = {Influence of measurement errors on networks: Estimating the robustness of centrality measures},
	author = {Martin, Christoph and Niemeyer, Peter},
	year = {2019},
	month = {06},
	date = {2019-06},
	journal = {Network Science},
	pages = {180--195},
	volume = {7},
	number = {2},
	doi = {10.1017/nws.2019.12},
	url = {http://dx.doi.org/10.1017/nws.2019.12},
	langid = {en}
}
