
@article{guseva2022,
	title = {From diversity to complexity: Microbial networks in soils},
	author = {Guseva, Ksenia and Darcy, Sean and Simon, Eva and Alteio, Lauren V. and Montesinos-Navarro, Alicia and Kaiser, Christina},
	year = {2022},
	month = {06},
	date = {2022-06-01},
	journal = {Soil Biology and Biochemistry},
	pages = {108604},
	volume = {169},
	doi = {10.1016/j.soilbio.2022.108604},
	url = {https://www.sciencedirect.com/science/article/pii/S003807172200061X}
}

@article{badri2020,
	title = {Shrinkage improves estimation of microbial associations under different normalization methods},
	author = {Badri, Michelle and Kurtz, Zachary D and Bonneau, Richard and {Müller}, Christian L},
	year = {2020},
	month = {12},
	date = {2020-12-01},
	journal = {NAR Genomics and Bioinformatics},
	pages = {lqaa100},
	volume = {2},
	number = {4},
	doi = {10.1093/nargab/lqaa100},
	url = {https://doi.org/10.1093/nargab/lqaa100}
}

@article{blanchet2020,
	title = {Co{-}occurrence is not evidence of ecological interactions},
	author = {Blanchet, F. Guillaume and Cazelles, Kevin and Gravel, Dominique},
	editor = {Jeffers, Elizabeth},
	year = {2020},
	month = {07},
	date = {2020-07},
	journal = {Ecology Letters},
	pages = {1050--1063},
	volume = {23},
	number = {7},
	doi = {10.1111/ele.13525},
	url = {https://onlinelibrary.wiley.com/doi/10.1111/ele.13525},
	langid = {en}
}

@article{faust2012,
	title = {Microbial Co-occurrence Relationships in the Human Microbiome},
	author = {Faust, Karoline and Sathirapongsasuti, J. Fah and Izard, Jacques and Segata, Nicola and Gevers, Dirk and Raes, Jeroen and Huttenhower, Curtis},
	year = {2012},
	month = {07},
	date = {2012-07-12},
	journal = {PLOS Computational Biology},
	pages = {e1002606},
	volume = {8},
	number = {7},
	doi = {10.1371/journal.pcbi.1002606},
	url = {https://journals.plos.org/ploscompbiol/article?id=10.1371/journal.pcbi.1002606},
	note = {Publisher: Public Library of Science},
	langid = {en}
}

@article{röttjers2018,
	title = {From hairballs to hypotheses{\textendash}biological insights from microbial networks},
	author = {{Röttjers}, Lisa and Faust, Karoline},
	year = {2018},
	month = {11},
	date = {2018-11-01},
	journal = {FEMS Microbiology Reviews},
	pages = {761--780},
	volume = {42},
	number = {6},
	doi = {10.1093/femsre/fuy030},
	url = {https://doi.org/10.1093/femsre/fuy030}
}

@article{lutz2022,
	title = {A Survey of Statistical Methods for Microbiome Data Analysis},
	author = {Lutz, Kevin C. and Jiang, Shuang and Neugent, Michael L. and De Nisco, Nicole J. and Zhan, Xiaowei and Li, Qiwei},
	year = {2022},
	date = {2022},
	journal = {Frontiers in Applied Mathematics and Statistics},
	volume = {8},
	url = {https://www.frontiersin.org/articles/10.3389/fams.2022.884810}
}

@article{uhler,
	title = {Gaussian Graphical Models: An Algebraic and Geometric Perspective},
	author = {Uhler, Caroline},
	doi = {10.48550/arXiv.1707.04345}
}

@article{meinshausen2006,
	title = {High-dimensional graphs and variable selection with the Lasso},
	author = {Meinshausen, Nicolai and {Bühlmann}, Peter},
	year = {2006},
	month = {06},
	date = {2006-06},
	journal = {The Annals of Statistics},
	pages = {1436--1462},
	volume = {34},
	number = {3},
	doi = {10.1214/009053606000000281},
	url = {https://projecteuclid.org/journals/annals-of-statistics/volume-34/issue-3/High-dimensional-graphs-and-variable-selection-with-the-Lasso/10.1214/009053606000000281.full},
	note = {Publisher: Institute of Mathematical Statistics}
}

@article{friedman2008,
	title = {Sparse inverse covariance estimation with the graphical lasso},
	author = {Friedman, J. and Hastie, T. and Tibshirani, R.},
	year = {2008},
	month = {07},
	date = {2008-07-01},
	journal = {Biostatistics},
	pages = {432--441},
	volume = {9},
	number = {3},
	doi = {10.1093/biostatistics/kxm045},
	url = {https://academic.oup.com/biostatistics/article-lookup/doi/10.1093/biostatistics/kxm045},
	langid = {en}
}

@article{kurtz2015,
	title = {Sparse and Compositionally Robust Inference of Microbial Ecological Networks},
	author = {Kurtz, Zachary D. and {Müller}, Christian L. and Miraldi, Emily R. and Littman, Dan R. and Blaser, Martin J. and Bonneau, Richard A.},
	year = {2015},
	month = {05},
	date = {2015-05-07},
	journal = {PLOS Computational Biology},
	pages = {e1004226},
	volume = {11},
	number = {5},
	doi = {10.1371/journal.pcbi.1004226},
	url = {https://journals.plos.org/ploscompbiol/article?id=10.1371/journal.pcbi.1004226},
	note = {Publisher: Public Library of Science},
	langid = {en}
}

@article{ha2020,
	title = {Compositional zero-inflated network estimation for microbiome data},
	author = {Ha, Min Jin and Kim, Junghi and {Galloway-Peña}, Jessica and Do, Kim-Anh and Peterson, Christine B.},
	year = {2020},
	month = {12},
	date = {2020-12-28},
	journal = {BMC Bioinformatics},
	pages = {581},
	volume = {21},
	number = {21},
	doi = {10.1186/s12859-020-03911-w},
	url = {https://doi.org/10.1186/s12859-020-03911-w}
}
